@INPROCEEDINGS{
  friends, 
  author={A. Mohaisen and N. Hopper and Y. Kim}, 
  booktitle={INFOCOM, 2011 Proceedings IEEE}, 
  title={Keep your friends close: Incorporating trust into social network-based Sybil defenses}, 
  year={2011}, 
  pages={1943-1951}, 
  keywords={graph theory;probability;security of data;social networking (online);Sybil defense;co-author graphs;cost function;differential trust;random walk bias;social graph;social network;trust behavior;Algorithm design and analysis;Facebook;Knowledge engineering;Peer to peer computing;Physics;Time measurement}, 
  doi={10.1109/INFCOM.2011.5934998}, 
  ISSN={0743-166X}, 
  month={April}
},

@INPROCEEDINGS{
  evolution, 
  author={L. Alvisi and A. Clement and A. Epasto and S. Lattanzi and A. Panconesi}, 
  booktitle={Security and Privacy (SP), 2013 IEEE Symposium on}, 
  title={SoK: The Evolution of Sybil Defense via Social Networks}, 
  year={2013}, 
  pages={382-396}, 
  keywords={security of data;social networking (online);SoK framework;community detection algorithm;graph white-listing;random walks theory;social network;sybil defense protocol;sybil identity;Communities;Detection algorithms;Facebook;Image edge detection;Protocols;Robustness}, 
  doi={10.1109/SP.2013.33}, 
  ISSN={1081-6011}, 
  month={May},
},

@ARTICLE{
  sybil-defender, 
  author={W. Wei and F. Xu and C. C. Tan and Q. Li}, 
  journal={IEEE Transactions on Parallel and Distributed Systems}, 
  title={SybilDefender: A Defense Mechanism for Sybil Attacks in Large Social Networks}, 
  year={2013}, 
  volume={24}, 
  number={12}, 
  pages={2492-2502}, 
  keywords={distributed processing;graph theory;security of data;social networking (online);Facebook application;SybilDefender;attack edges;distributed systems;network topologies;online social networks;social graphs;sybil attacks;sybil community detection;sybil defense mechanism;sybil node identification;Algorithm design and analysis;Detection algorithms;Image edge detection;Network topology;Social network services;Sybil attack;random walk;social network}, 
  doi={10.1109/TPDS.2013.9}, 
  ISSN={1045-9219}, 
  month={Dec},
},

@ARTICLE{
  sybil-limit, 
  author={H. Yu and P. B. Gibbons and M. Kaminsky and F. Xiao}, 
  journal={IEEE/ACM Transactions on Networking}, 
  title={SybilLimit: A Near-Optimal Social Network Defense Against Sybil Attacks}, 
  year={2010}, 
  volume={18}, 
  number={3}, 
  pages={885-898}, 
  keywords={authorisation;computer network security;open systems;peer-to-peer computing;protocols;social networking (online);SybilGuard protocol;SybilLimit protocol;fast-mixing social networks;near-optimal social network defense;open-access distributed systems;peer-to-peer systems;sybil attacks;sybil nodes;trusted central authority;Social networks;SybilGuard;SybilLimit;sybil attack;sybil identities}, 
  doi={10.1109/TNET.2009.2034047}, 
  ISSN={1063-6692}, 
  month={June},
},

@ARTICLE{
  sybil-guard, 
  author={H. Yu and M. Kaminsky and P. B. Gibbons and A. D. Flaxman}, 
  journal={IEEE/ACM Transactions on Networking}, 
  title={SybilGuard: Defending Against Sybil Attacks via Social Networks}, 
  year={2008}, 
  volume={16}, 
  number={3}, 
  pages={576-589}, 
  keywords={groupware;peer-to-peer computing;protocols;security of data;social sciences computing;Byzantine failure defenses;SybilGuard;collaborative tasks;decentralized system;distributed system;human-established trust relationship;peer-to-peer;protocol;social networks;sybil attacks;trust relationships;Collaboration;Collaborative work;Computer science;Computer worms;Control systems;Peer to peer computing;Protocols;Routing;Social network services;Voting;Social networks;SybilGuard;sybil attack;sybil identity}, 
  doi={10.1109/TNET.2008.923723}, 
  ISSN={1063-6692}, 
  month={June},
},

@INPROCEEDINGS{
  privilege-attenuation, 
  author={P. W. L. Fong}, 
  booktitle={2011 IEEE Symposium on Security and Privacy}, 
  title={Preventing Sybil Attacks by Privilege Attenuation: A Design Principle for Social Network Systems}, 
  year={2011}, 
  pages={263-278}, 
  keywords={authorisation;graph theory;program diagnostics;social networking (online);Facebook;POPA-compliance analysis;Sybil attack prevention;access control model;gain access;graph-theoretic relationship;principle of privilege attenuation;social graph;social network systems;stage-I authorization;static policy analysis;Authorization;Facebook;Topology;Vocabulary;Principle of Privilege Attenuation;Sybil attacks;access control;completeness of static analysis;social network systems;soundness}, 
  doi={10.1109/SP.2011.16}, 
  ISSN={1081-6011}, 
  month={May},
},

@INPROCEEDINGS{
  sybil-shield, 
  author={L. Shi and S. Yu and W. Lou and Y. T. Hou}, 
  booktitle={INFOCOM, 2013 Proceedings IEEE}, 
  title={SybilShield: An agent-aided social network-based Sybil defense among multiple communities}, 
  year={2013}, 
  pages={1034-1042}, 
  keywords={distributed processing;graph theory;multi-agent systems;network theory (graphs);security of data;trusted computing;Sybil attack impact mitigation;Sybil users;SybilShield;adversary;agent node;agent-aided social network-based Sybil defense;distributed system;human-established trust relationship;identity forging;loosely linked region;multicommunity social network structure;multiple interconnected small world;protocol;serious security threat;single uniformly connected large region;social connection;social network graph partitioning;sociological property;system control;tightly connected nonSybil region;trusted central authority;Communities;Image edge detection;Peer-to-peer computing;Routing;Routing protocols;Social network services}, 
  doi={10.1109/INFCOM.2013.6566893}, 
  ISSN={0743-166X}, 
  month={April},
},

@INPROCEEDINGS{
  exploring-design, 
  author={B. Viswanath and M. Mondal and A. Clement and P. Druschel and K. P. Gummadi and A. Mislove and A. Post}, 
  booktitle={2012 Fourth International Conference on Communication Systems and Networks (COMSNETS 2012)}, 
  title={Exploring the design space of social network-based Sybil defenses}, 
  year={2012}, 
  pages={1-8}, 
  keywords={graph theory;security of data;social networking (online);Sybil detection;Sybil identities;Sybil tolerance;Sybil tolerance schemes;application-specific information;design space;social graph structure;social network-based Sybil defense schemes;transaction history;Buildings;Communities;Electronic mail;Image edge detection;Joining processes;Protocols;Social network services}, 
  doi={10.1109/COMSNETS.2012.6151333}, 
  ISSN={2155-2487}, 
  month={Jan},
},

@ARTICLE{
  vote-trust, 
  author={Z. Yang and J. Xue and X. Yang and X. Wang and Y. Dai}, 
  journal={IEEE Transactions on Dependable and Secure Computing}, 
  title={VoteTrust: Leveraging Friend Invitation Graph to Defend against Social Network Sybils}, 
  year={2015}, 
  volume={PP}, 
  number={99}, 
  pages={1-1}, 
  keywords={Communities;Educational institutions;Facebook;Feature extraction;Malware;Online Social Network;Spam;Sybil Attack;Sybil Detection}, 
  doi={10.1109/TDSC.2015.2410792}, 
  ISSN={1545-5971}, 
  month={},
},

@INPROCEEDINGS{
  understanding-properties, 
  author={A. Mohaisen and H. Tran and N. Hopper and Y. Kim}, 
  booktitle={2011 31st International Conference on Distributed Computing Systems Workshops}, 
  title={Understanding Social Networks Properties for Trustworthy Computing}, 
  year={2011}, 
  pages={154-159}, 
  keywords={graph theory;security of data;social networking (online);Sybil defense mechanisms;fast-mixing graphs;social graphs;social networks properties;tight knit community structure;trustworthy computing;Buildings;Facebook;Logic gates;Markov processes;Physics;Time measurement;Social networks;Sybil defenses;expanders;measurements;mixing time}, 
  doi={10.1109/ICDCSW.2011.48}, 
  ISSN={1545-0678}, 
  month={June},

},

@INPROCEEDINGS{
  twitter, 
  author={M. Alsaleh and A. Alarifi and A. M. Al-Salman and M. Alfayez and A. Almuhaysin}, 
  booktitle={Machine Learning and Applications (ICMLA), 2014 13th International Conference on}, 
  title={TSD: Detecting Sybil Accounts in Twitter}, 
  year={2014}, 
  pages={463-469}, 
  keywords={graph theory;invasive software;social networking (online);unsolicited e-mail;ATT;Astroturf political campaigns;Sybil accounts detection;TSD;Twitter;automated Turing tests;fake identities;fake product reviews;graph theory;malware;online communities;social networks;spam;user accounts;Browsers;Decision trees;Feature extraction;Servers;Support vector machines;Twitter;Content spam;Fake user accounts;Social networks;Spamdexing;Sybil account;Twitter;Web spam}, 
  doi={10.1109/ICMLA.2014.81}, 
  month={Dec},

},

@INPROCEEDINGS{
  graph-detection, 
  author={Y. Boshmaf and K. Beznosov and M. Ripeanu}, 
  booktitle={Advances in Social Networks Analysis and Mining (ASONAM), 2013 IEEE/ACM International Conference on}, 
  title={Graph-based Sybil Detection in social and information systems}, 
  year={2013}, 
  pages={466-473}, 
  keywords={graph theory;information systems;security of data;social networking (online);GSD algorithms;Sybil attacks;adversary models;defence schemes;graph models;graph-based Sybil detection;information systems;local community structures;nonSybil identities;security implications;social systems;Algorithm design and analysis;Communities;Detectors;Image edge detection;Information systems;Markov processes;Social network services}, 
  doi={10.1145/2492517.2492568}, 
  month={Aug},

},

@article{
  spammers,
  author = {Ramachandran, Anirudh and Feamster, Nick},
  title = {Understanding the Network-level Behavior of Spammers},
  journal = {SIGCOMM Comput. Commun. Rev.},
  issue_date = {October 2006},
  volume = {36},
  number = {4},
  month = aug,
  year = {2006},
  issn = {0146-4833},
  pages = {291--302},
  numpages = {12},
  url = {http://doi.acm.org/10.1145/1151659.1159947},
  doi = {10.1145/1151659.1159947},
  acmid = {1159947},
  publisher = {ACM},
  address = {New York, NY, USA},
  keywords = {BGP, botnet, network management, security, spam},
}, 

@INPROCEEDINGS{
  sybil-defender-old, 
  author={Wei Wei and Fengyuan Xu and C. C. Tan and Qun Li}, 
  booktitle={INFOCOM, 2012 Proceedings IEEE}, 
  title={SybilDefender: Defend against sybil attacks in large social networks}, 
  year={2012}, 
  pages={1951-1959}, 
  keywords={graph theory;security of data;social networking (online);Facebook application;SybilDefender;bogus identities;distributed systems;lower bound;network topologies;online social networks;relationship rating;social graphs;social topologies;sybil attacks;sybil community detection;sybil defense mechanism;sybil nodes;Approximation methods;Communities;Detection algorithms;Facebook;Image edge detection;Vectors}, 
  doi={10.1109/INFCOM.2012.6195572}, 
  ISSN={0743-166X}, 
  month={March},
},
